<?xml version="1.0" encoding="UTF-8"?><collection xmlns="http://www.loc.gov/MARC21/slim"><record><leader>00425nam--2200145-i-4500</leader><controlfield tag="001">000019048</controlfield><controlfield tag="002">20161230</controlfield><controlfield tag="005">20161230201033</controlfield><controlfield tag="008">060222s1000------------r-----000-0-eng-d</controlfield><datafield ind1=" " ind2=" " tag="080"><subfield code="a">539.2</subfield></datafield><datafield ind1=" " ind2=" " tag="100"><subfield code="a">Drifford, Maurice</subfield></datafield><datafield ind1=" " ind2=" " tag="245"><subfield code="a">Determination experimentale de la duree de vie des phonons dans les cristaux</subfield></datafield><datafield ind1=" " ind2=" " tag="260"><subfield code="a">Saclay, Commissariat A L Energie Atomique, 1967. 17 P</subfield></datafield><datafield ind1=" " ind2=" " tag="490"><subfield code="a">Cea-bibliographie</subfield></datafield><datafield ind1=" " ind2=" " tag="852"><subfield code="a">D.1021</subfield></datafield></record></collection>